
@book{02-minel,
    author = {Minel, Jean-Luc},
    publisher = {Herm\`{e}s Science Publications, Paris},
    title = {Filtrage sémantique: du r{\'e}sumé automatique \`{a} la fouille de textes},
    year = {2002}
}

@article{69-edmundson,
author = {Edmundson, H. P.},
 title = {New Methods in Automatic Extracting},
 journal = {J. ACM},
 issue_date = {April 1969},
 volume = {16},
 number = {2},
 month = apr,
 year = {1969},
 issn = {0004-5411},
 pages = {264--285},
 numpages = {22},
 url = {http://doi.acm.org/10.1145/321510.321519},
 doi = {10.1145/321510.321519},
 acmid = {321519},
 publisher = {ACM},
 address = {New York, NY, USA},
} 

@inproceedings{02-papineni-al,
 author = {Papineni, Kishore and Roukos, Salim and Ward, Todd and Zhu, Wei-Jing},
 title = {BLEU: a method for automatic evaluation of machine translation},
 booktitle = {Proceedings of the 40th Annual Meeting on Association for Computational Linguistics},
 series = {ACL '02},
 year = {2002},
 location = {Philadelphia, Pennsylvania},
 pages = {311--318},
 numpages = {8},
 url = {http://dx.doi.org/10.3115/1073083.1073135},
 doi = {10.3115/1073083.1073135},
 acmid = {1073135},
 publisher = {Association for Computational Linguistics},
 address = {Stroudsburg, PA, USA},
} 

@Article{58-luhn,
author = {Luhn, H. P.},
 title = {The automatic creation of literature abstracts},
 journal = {IBM J. Res. Dev.},
 issue_date = {April 1958},
 volume = {2},
 number = {2},
 month = apr,
 year = {1958},
 issn = {0018-8646},
 pages = {159--165},
 numpages = {7},
 url = {http://dx.doi.org/10.1147/rd.22.0159},
 doi = {10.1147/rd.22.0159},
 acmid = {1662360},
 publisher = {IBM Corp.},
 address = {Riverton, NJ, USA},
}

@inproceedings{03-Lin-hovy,
 author = {Lin, Chin-Yew and Hovy, Eduard},
 title = {Automatic evaluation of summaries using N-gram co-occurrence statistics},
 booktitle = {Proceedings of the 2003 Conference of the North American Chapter of the Association for Computational Linguistics on Human Language Technology - Volume 1},
 series = {NAACL '03},
 year = {2003},
 location = {Edmonton, Canada},
 pages = {71--78},
 numpages = {8},
 url = {http://dx.doi.org/10.3115/1073445.1073465},
 doi = {10.3115/1073445.1073465},
 acmid = {1073465},
 publisher = {Association for Computational Linguistics},
 address = {Stroudsburg, PA, USA},
}

@inproceedings{93-paice-jones,
author = {Chris D. Paice and Paul A. Jones},
title = {{The identification of important concepts in highly structured technical papers}},
booktitle = {Research and Development in Information Retrieval},
year = {1993},
pages = {69--78},
doi = {10.1145/160688.160696},
masid = {631583}
}

@inproceedings{04-lin,
author = {Lin, Chin-Yew},
  title = {ROUGE: A Package for Automatic Evaluation of summaries},
  biburl = {http://www.bibsonomy.org/bibtex/276f93e2113ded678a5b0e2afce098269/diego_ma},
  booktitle = {Proc. ACL workshop on Text Summarization Branches Out},
  interhash = {21c182e3172dd7e2be8d7aa530cb435d},
  intrahash = {76f93e2113ded678a5b0e2afce098269},
  keywords = {summarisation evaluation COMP448},
  pages = 10,
  timestamp = {2008-03-12T04:43:46.000+0100},
  url = {http://research.microsoft.com/~cyl/download/papers/WAS2004.pdf},
  year = 2004
} 

@inproceedings{99-mani-al,
 author = {Mani, Inderjeet and House, David and Klein, Gary and Hirschman, Lynette and Firmin, Therese and Sundheim, Beth},
 title = {The TIPSTER SUMMAC Text Summarization Evaluation},
 booktitle = {Proceedings of the ninth conference on European chapter of the Association for Computational Linguistics},
 series = {EACL '99},
 year = {1999},
 location = {Bergen, Norway},
 pages = {77--85},
 numpages = {9},
 url = {http://dx.doi.org/10.3115/977035.977047},
 doi = {10.3115/977035.977047},
 acmid = {977047},
 publisher = {Association for Computational Linguistics},
 address = {Stroudsburg, PA, USA},
} 

@inproceedings {06-hovy-al,
   author = {Eduard Hovy and Chin-Yew Lin and Liang Zhou and Junichi Fukumoto},
   title = {Automated Summarization Evaluation with Basic Elements},
   booktitle = {Proceedings of the Fifth Conference on Language Resources and Evaluation (LREC)},
   year = {2006},
   publisher = {},
   pages = {899--902},
}

@inproceedings {01-fukusima-okumura,
   author = {Takahiro Fukusima and Manabu Okumura},
   title = {Text Summarization Challenge : Text summarization evaluation at NTCIR Workshop2},
   booktitle = {Proceedings of NTCIR Workshop 2},
   year = {2001},
   publisher = {},
   pages = {45--50},
}

@inproceedings {01-mani,
   author = {Inderjeet Mani},
   title = {Summarization Evaluation: An Overview},
   booktitle = {},
   year = {2001},
   publisher = {},
   pages = {},
}

@inproceedings{00-saggion-lapalme,
 author = {Saggion, Horacio and Lapalme, Guy},
 title = {Concept identification and presentation in the context of technical text summarization},
 booktitle = {Proceedings of the 2000 NAACL-ANLPWorkshop on Automatic summarization - Volume 4},
 series = {NAACL-ANLP-AutoSum '00},
 year = {2000},
 location = {Seattle, Washington},
 pages = {1--10},
 numpages = {10},
 url = {http://dx.doi.org/10.3115/1117575.1117576},
 doi = {10.3115/1117575.1117576},
 acmid = {1117576},
 publisher = {Association for Computational Linguistics},
 address = {Stroudsburg, PA, USA},
} 

@article{07-nenkova-al,
 author = {Nenkova, Ani and Passonneau, Rebecca and McKeown, Kathleen},
 title = {The Pyramid Method: Incorporating human content selection variation in summarization evaluation},
 journal = {ACM Trans. Speech Lang. Process.},
 issue_date = {May 2007},
 volume = {4},
 number = {2},
 month = may,
 year = {2007},
 issn = {1550-4875},
 articleno = {4},
 url = {http://doi.acm.org/10.1145/1233912.1233913},
 doi = {10.1145/1233912.1233913},
 acmid = {1233913},
 publisher = {ACM},
 address = {New York, NY, USA},
 keywords = {Evaluation, semantic analysis, summarization},
} 

Rath, G.J., Resnick, A., and Savage, T.R. 1961.
The formation of abstracts by the selection
of sentences. American Documentation, 12(2),
pp. 139-143. Reprinted in Mani, I., and May-
bury, M., eds., Advances in Automatic Text Sum-
marization, MIT Press, pp. 287-292.

@article {61-rath-al,
author = {Rath, G. J. and Resnick, A. and Savage, T. R.},
title = {Comparisons of four types of lexical indicators of content},
journal = {American Documentation},
volume = {12},
number = {2},
publisher = {Wiley Subscription Services, Inc., A Wiley Company},
issn = {1936-6108},
url = {http://dx.doi.org/10.1002/asi.5090120208},
doi = {10.1002/asi.5090120208},
pages = {126--130},
year = {1961},
}

@book{08-manning-al,
 author = {Manning, Christopher D. and Raghavan, Prabhakar and Sch\"utze, Hinrich},
 title = {Introduction to Information Retrieval},
 year = {2008},
 isbn = {0521865719},
 publisher = {Cambridge University Press},
 address = {New York, NY, USA},
}
% %==========================================================


