%==================================================================================
%==================================================================================
% Document		:		Bibliographie de Chapitre: Évaluation de la méthode proposée
%
% Auteur		: 		Abdelkrime ARIES
% Encadreur		:		Dr. Omar NOUALI
% Co-encadreur	:		Mme. Houda OUFAIDA
% Établissement	:		ESI (Ecole Nationale Supérieure d'Informatique; ex. INI) 
% Adresse		:		Oued Smar, Alger, Algérie 
% Année			:		2012/2013
% Grade			:		Magister
% discipline 	:		Informatique 
% Spécialité	:		IRM (Informatique Répartie et Mobile)
% Titre			:		Résumé automatique de textes
%
%==================================================================================
%==================================================================================

@InProceedings{10-yatsko-al,
author = {Yatsko, V. A. and Starikov, M. S. and Butakov, A. V.},
 title = {Automatic genre recognition and adaptive text summarization},
 journal = {Autom. Doc. Math. Linguist.},
 issue_date = {June 2010},
 volume = {44},
 number = {3},
 month = jun,
 year = {2010},
 issn = {0005-1055},
 pages = {111--120},
 numpages = {10},
 url = {http://dx.doi.org/10.3103/S0005105510030027},
 doi = {10.3103/S0005105510030027},
 acmid = {1861403},
 publisher = {Springer-Verlag New York, Inc.},
 address = {Secaucus, NJ, USA},
 keywords = {automatic genre recognition, automatic summarization, summarization algorithms, verification of parameters},
}

% % % % % % % % % % % % % % % % % % % % % % 
% %find the bibtex for
% % % % % % % % % % % % % % % % % % % % % %

@inproceedings{04-erkan-radev,
 author = {Erkan, G\"une\c{s} and Radev, Dragomir R.},
 title = {The University of Michigan at DUC 2004},
 booktitle = {DUC04},
 year = {2004},
}

@inproceedings{id,
 author = {},
 title = {},
 booktitle = {},
 series = {},
 number = {},
 volume= {}, 
 year = {},
 location = {},
 pages = {},
 numpages = {},
 url = {},
 doi = {},
 publisher = {},
 address = {},
} 