%==================================================================================
%==================================================================================
% Document		:		Bibliographie de Chapitre: Approche statistique pour le résumé automatique de textes
%
% Auteur		: 		Abdelkrime ARIES
% Encadreur		:		Dr. Omar NOUALI
% Co-encadreur	:		Mme. Houda OUFAIDA
% Établissement	:		ESI (Ecole Nationale Supérieure d'Informatique; ex. INI) 
% Adresse		:		Oued Smar, Alger, Algérie 
% Année			:		2012/2013
% Grade			:		Magister
% discipline 	:		Informatique 
% Spécialité	:		IRM (Informatique Répartie et Mobile)
% Titre			:		Résumé automatique de textes
%
%==================================================================================
%==================================================================================
@Article{58-luhn,
author = {Luhn, H. P.},
 title = {The automatic creation of literature abstracts},
 journal = {IBM J. Res. Dev.},
 issue_date = {April 1958},
 volume = {2},
 number = {2},
 month = apr,
 year = {1958},
 issn = {0018-8646},
 pages = {159--165},
 numpages = {7},
 url = {http://dx.doi.org/10.1147/rd.22.0159},
 doi = {10.1147/rd.22.0159},
 acmid = {1662360},
 publisher = {IBM Corp.},
 address = {Riverton, NJ, USA},
}

@article{58-baxendale,
author = {Baxendale, P. B.},
 title = {Machine-made index for technical literature: an experiment},
 journal = {IBM J. Res. Dev.},
 issue_date = {October 1958},
 volume = {2},
 number = {4},
 month = oct,
 year = {1958},
 issn = {0018-8646},
 pages = {354--361},
 numpages = {8},
 url = {http://dx.doi.org/10.1147/rd.24.0354},
 doi = {10.1147/rd.24.0354},
 acmid = {1662385},
 publisher = {IBM Corp.},
 address = {Riverton, NJ, USA},
} 

@article{69-edmundson,
author = {Edmundson, H. P.},
 title = {New Methods in Automatic Extracting},
 journal = {J. ACM},
 issue_date = {April 1969},
 volume = {16},
 number = {2},
 month = apr,
 year = {1969},
 issn = {0004-5411},
 pages = {264--285},
 numpages = {22},
 url = {http://doi.acm.org/10.1145/321510.321519},
 doi = {10.1145/321510.321519},
 acmid = {321519},
 publisher = {ACM},
 address = {New York, NY, USA},
} 

@inproceedings{01-nomoto-al,
 author = {Nomoto, Tadashi and Matsumoto, Yuji},
 title = {A new approach to unsupervised text summarization},
 booktitle = {Proceedings of the 24th annual international ACM SIGIR conference on Research and development in information retrieval},
 series = {SIGIR '01},
 year = {2001},
 isbn = {1-58113-331-6},
 location = {New Orleans, Louisiana, United States},
 pages = {26--34},
 numpages = {9},
 url = {http://doi.acm.org/10.1145/383952.383956},
 doi = {10.1145/383952.383956},
 acmid = {383956},
 publisher = {ACM},
 address = {New York, NY, USA},
 keywords = {text summarization},
} 

@article{11-song-al,
 author = {Song, Wei and Cheon Choi, Lim and Cheol Park, Soon and Feng Ding, Xiao},
 title = {Fuzzy evolutionary optimization modeling and its applications to unsupervised categorization and extractive summarization},
 journal = {Expert Syst. Appl.},
 issue_date = {August, 2011},
 volume = {38},
 number = {8},
 month = aug,
 year = {2011},
 issn = {0957-4174},
 pages = {9112--9121},
 numpages = {10},
 url = {http://dx.doi.org/10.1016/j.eswa.2010.12.102},
 doi = {10.1016/j.eswa.2010.12.102},
 acmid = {1968078},
 publisher = {Pergamon Press, Inc.},
 address = {Tarrytown, NY, USA},
 keywords = {Extractive summarization, Fuzzy evolutionary optimization, Normalized Google distance, Topics estimation, Unsupervised categorization},
}

@inproceedings{02-hardy-al,
 author = {Hardy, Hilda and Shimizu, Nobuyuki and Strzalkowski, Tomek and Ting, Liu and Zhang, Xinyang and Wise, G. Bowden},
 title = {Cross-document summarization by concept classification},
 booktitle = {Proceedings of the 25th annual international ACM SIGIR conference on Research and development in information retrieval},
 series = {SIGIR '02},
 year = {2002},
 isbn = {1-58113-561-0},
 location = {Tampere, Finland},
 pages = {121--128},
 numpages = {8},
 url = {http://doi.acm.org/10.1145/564376.564399},
 doi = {10.1145/564376.564399},
 acmid = {564399},
 publisher = {ACM},
 address = {New York, NY, USA},
 keywords = {clustering, multi-document summarization, n-grams, passage similarity, summary, term weights},
}

@inproceedings{95-kupiec-al,
 author = {Kupiec, Julian and Pedersen, Jan and Chen, Francine},
 title = {A trainable document summarizer},
 booktitle = {Proceedings of the 18th annual international ACM SIGIR conference on Research and development in information retrieval},
 series = {SIGIR '95},
 year = {1995},
 isbn = {0-89791-714-6},
 location = {Seattle, Washington, United States},
 pages = {68--73},
 numpages = {6},
 url = {http://doi.acm.org/10.1145/215206.215333},
 doi = {10.1145/215206.215333},
 acmid = {215333},
 publisher = {ACM},
 address = {New York, NY, USA},
}

@InProceedings{01-amini-gallinari,
 author = {Massih Amini and Patrick Gallinari},
 title = {Self-supervised learning for automatic text summarization by text-span extraction},
 booktitle = {Proceedings of the 23rd BCS European Annual Colloquium on Information Retrieval (ECIR'01)},
 pages = {55--63},
 year =  {2001}
}

@inproceedings{02-osborne,
 author = {Osborne, Miles},
 title = {Using maximum entropy for sentence extraction},
 booktitle = {Proceedings of the ACL-02 Workshop on Automatic Summarization - Volume 4},
 series = {AS '02},
 year = {2002},
 location = {Phildadelphia, Pennsylvania},
 pages = {1--8},
 numpages = {8},
 url = {http://dx.doi.org/10.3115/1118162.1118163},
 doi = {10.3115/1118162.1118163},
 acmid = {1118163},
 publisher = {Association for Computational Linguistics},
 address = {Stroudsburg, PA, USA},
}

@article{05-yeh-al,
 author = {Yeh, Jen-Yuan and Ke, Hao-Ren and Yang, Wei-Pang and Meng, I-Heng},
 title = {Text summarization using a trainable summarizer and latent semantic analysis},
 journal = {Inf. Process. Manage.},
 issue_date = {January 2005},
 volume = {41},
 number = {1},
 month = jan,
 year = {2005},
 issn = {0306-4573},
 pages = {75--95},
 numpages = {21},
 url = {http://dx.doi.org/10.1016/j.ipm.2004.04.003},
 doi = {10.1016/j.ipm.2004.04.003},
 acmid = {1041184},
 publisher = {Pergamon Press, Inc.},
 address = {Tarrytown, NY, USA},
 keywords = {corpus-based approach, latent semantic analysis, text relationship map, text summarization},
}

@InProceedings{10-yatsko-al,
author = {Yatsko, V. A. and Starikov, M. S. and Butakov, A. V.},
 title = {Automatic genre recognition and adaptive text summarization},
 journal = {Autom. Doc. Math. Linguist.},
 issue_date = {June 2010},
 volume = {44},
 number = {3},
 month = jun,
 year = {2010},
 issn = {0005-1055},
 pages = {111--120},
 numpages = {10},
 url = {http://dx.doi.org/10.3103/S0005105510030027},
 doi = {10.3103/S0005105510030027},
 acmid = {1861403},
 publisher = {Springer-Verlag New York, Inc.},
 address = {Secaucus, NJ, USA},
 keywords = {automatic genre recognition, automatic summarization, summarization algorithms, verification of parameters},
}

@incollection{97-porter,
 author = {Porter, M. F.},
 chapter = {An algorithm for suffix stripping},
 title = {Readings in information retrieval},
 editor = {Sparck Jones, Karen and Willett, Peter},
 year = {1997},
 isbn = {1-55860-454-5},
 pages = {313--316},
 numpages = {4},
 url = {http://dl.acm.org/citation.cfm?id=275537.275705},
 acmid = {275705},
 publisher = {Morgan Kaufmann Publishers Inc.},
 address = {San Francisco, CA, USA},
} 

@article{07-zajic-al,
 author = {Zajic, David and Dorr, Bonnie J. and Lin, Jimmy and Schwartz, Richard},
 title = {Multi-candidate reduction: Sentence compression as a tool for document summarization tasks},
 journal = {Inf. Process. Manage.},
 issue_date = {November, 2007},
 volume = {43},
 number = {6},
 month = nov,
 year = {2007},
 issn = {0306-4573},
 pages = {1549--1570},
 numpages = {22},
 url = {http://dx.doi.org/10.1016/j.ipm.2007.01.016},
 doi = {10.1016/j.ipm.2007.01.016},
 acmid = {1285161},
 publisher = {Pergamon Press, Inc.},
 address = {Tarrytown, NY, USA},
 keywords = {07.05.Mh, 43.71.Sy, 89.20.Ff, Headline generation, Hidden Markov model, Parse-and-trim, Summarization},
}

@inproceedings{13-lee-al,
 author = {Lee, Heeyoung and Chang, Angel and Peirsman, Yves and Chambers, Nathanael and Surdeanu, Mihai and Jurafsky, Dan},
 title = {Deterministic coreference resolution based on entity-centric, precision-ranked rules},
 booktitle = {Computational Linguistics},
 number = {4},
 volume= {38}, 
 year = {2013},
 issn = {0891-2017},
 url = {http://dx.doi.org/10.1162/COLI_a_00152},
 doi = {10.1162/COLI_a_00152},
 publisher = {MIT Press},
} 

@inproceedings{11-lee-al,
 author = {Lee, Heeyoung and Peirsman, Yves and Chang, Angel and Chambers, Nathanael and Surdeanu, Mihai and Jurafsky, Dan},
 title = {Stanford's multi-pass sieve coreference resolution system at the CoNLL-2011 shared task},
 booktitle = {Proceedings of the Fifteenth Conference on Computational Natural Language Learning: Shared Task},
 series = {CONLL Shared Task '11},
 year = {2011},
 isbn = {9781937284084},
 location = {Portland, Oregon},
 pages = {28--34},
 numpages = {7},
 url = {http://dl.acm.org/citation.cfm?id=2132936.2132938},
 acmid = {2132938},
 publisher = {Association for Computational Linguistics},
 address = {Stroudsburg, PA, USA},
} 

@inproceedings{10-raghunathan,
 author = {Raghunathan, Karthik and Lee, Heeyoung and Rangarajan, Sudarshan and Chambers, Nathanael and Surdeanu, Mihai and Jurafsky, Dan and Manning, Christopher},
 title = {A multi-pass sieve for coreference resolution},
 booktitle = {Proceedings of the 2010 Conference on Empirical Methods in Natural Language Processing},
 series = {EMNLP '10},
 year = {2010},
 location = {Cambridge, Massachusetts},
 pages = {492--501},
 numpages = {10},
 url = {http://dl.acm.org/citation.cfm?id=1870658.1870706},
 acmid = {1870706},
 publisher = {Association for Computational Linguistics},
 address = {Stroudsburg, PA, USA},
} 

% % % % % % % % % % % % % % % % % % % % % % 
% %find the bibtex for
% % % % % % % % % % % % % % % % % % % % % %




@inproceedings{id,
 author = {},
 title = {},
 booktitle = {},
 series = {},
 number = {},
 volume= {}, 
 year = {},
 location = {},
 pages = {},
 numpages = {},
 url = {},
 doi = {},
 publisher = {},
 address = {},
} 