%==================================================================================
%==================================================================================
% Document		:		Bibliographie de Chapitre "Résumé automatique"
%
% Auteur		: 		Abdelkrime ARIES
% Établissement	:		ESI (Ecole Nationale Supérieure d'Informatique; ex. INI) 
% Adresse		:		Oued Smar, Alger, Algérie 
% Année			:		2012/2013
% Thèse			:		Magister
% discipline 	:		Informatique 
% Spécialité	:		IRM (Informatique Répartie et Mobile)
% Titre			:		Résumé automatique de textes
%
%==================================================================================
%==================================================================================
@Article{58-luhn,
author = {Luhn, H. P.},
 title = {The automatic creation of literature abstracts},
 journal = {IBM J. Res. Dev.},
 issue_date = {April 1958},
 volume = {2},
 number = {2},
 month = apr,
 year = {1958},
 issn = {0018-8646},
 pages = {159--165},
 numpages = {7},
 url = {http://dx.doi.org/10.1147/rd.22.0159},
 doi = {10.1147/rd.22.0159},
 acmid = {1662360},
 publisher = {IBM Corp.},
 address = {Riverton, NJ, USA},
}

@article{58-baxendale,
author = {Baxendale, P. B.},
 title = {Machine-made index for technical literature: an experiment},
 journal = {IBM J. Res. Dev.},
 issue_date = {October 1958},
 volume = {2},
 number = {4},
 month = oct,
 year = {1958},
 issn = {0018-8646},
 pages = {354--361},
 numpages = {8},
 url = {http://dx.doi.org/10.1147/rd.24.0354},
 doi = {10.1147/rd.24.0354},
 acmid = {1662385},
 publisher = {IBM Corp.},
 address = {Riverton, NJ, USA},
} 

@article{69-edmundson,
author = {Edmundson, H. P.},
 title = {New Methods in Automatic Extracting},
 journal = {J. ACM},
 issue_date = {April 1969},
 volume = {16},
 number = {2},
 month = apr,
 year = {1969},
 issn = {0004-5411},
 pages = {264--285},
 numpages = {22},
 url = {http://doi.acm.org/10.1145/321510.321519},
 doi = {10.1145/321510.321519},
 acmid = {321519},
 publisher = {ACM},
 address = {New York, NY, USA},
} 

@book{75-borko-bernier,
  author = {Borko, Harold and Bernier, Charles L.},
  keywords = {bibtex-import},
  posted-at = {2006-12-04 15:07:45},
  priority = {2},
  publisher = {Academic Press, London},
  title = {Abstracting concepts and methods},
  year = {1975}
}

@inproceedings {75-schank,
 author = {Schank, R.},
 title = {The structure of episodes in memory},
 booktitle = {Representation and understanding: Studies in cognitive science},
 year = {1975},
 publisher = {Academic press},
 pages = {237--272},
 address = {New York, USA},
}

@article{78-kintsch-vandijk,
  author = {Kintsch, Walter and {Van Dijk}, T. A.},
  journal = {Psychological review},
  keywords = {cognition, cognitive, comprehension, model},
  number = {5},
  pages = {363},
  posted-at = {2012-03-05 18:55:49},
  priority = {2},
  publisher = {American Psychological Association},
  title = {Toward a model of text comprehension and production.},
  url = {http://psycnet.apa.org/journals/rev/85/5/363/},
  volume = {85},
  year = {1978}
}

@TechReport{88-penman,
author = {Project Penman},
title = {The Penman Primer, User Guide, and Reference Manual},
institution = {USC/Information Sciences Institute},
year = {1988},
address = {Marina del Rey, CA, USA},

}

@inproceedings{91-hovy,
 author = {Hovy, Eduard},
 title = {The Penman natural language project: systemics-based machine translation},
 booktitle = {Proceedings of the workshop on Speech and Natural Language},
 series = {HLT '91},
 year = {1991},
 location = {Pacific Grove, California},
 pages = {432--432},
 numpages = {1},
 url = {http://dx.doi.org/10.3115/112405.1138669},
 doi = {10.3115/112405.1138669},
 acmid = {1138669},
 publisher = {Association for Computational Linguistics},
 address = {Stroudsburg, PA, USA},
} 

@phdthesis{92-elhadad,
  added-at = {2008-03-17T11:27:54.000+0100},
  author = {Elhadad, Michael},
  biburl = {http://www.bibsonomy.org/bibtex/22448d8dcbde8e89125d01b9c9cc50533/nlp},
  interhash = {aa1587eaf6d9dc057bf1d6cce5005842},
  intrahash = {2448d8dcbde8e89125d01b9c9cc50533},
  keywords = {2000 book nlp},
  school = {Columbia University},
  timestamp = {2008-03-17T11:27:54.000+0100},
  title = {Using Argumentation to Control Lexical Choice: {A} Functional
  Unification-Based Approach},
  year = 1992
}

@inproceedings{93-paice-jones,
author = {Chris D. Paice and Paul A. Jones},
title = {{The identification of important concepts in highly structured technical papers}},
booktitle = {Research and Development in Information Retrieval},
year = {1993},
pages = {69--78},
doi = {10.1145/160688.160696},
masid = {631583}
}

@article{93-mitkov,
 author = {Ruslan Mitkov},
 title = {Automatic Abstracting in a Limited Domain},
 journal = {},
 pages = {204-210},
 year = {1993},
 publisher = {The Computational Linguistics Society of R.O.C.},
 volume = {},
 number = {},
 location = {http://www.scientificcommons.org/23696309},
 url = {http://hdl.handle.net/2065/11826},
}

@inproceedings{94-ono,
 author = {Ono, Kenji and Sumita, Kazuo and Miike, Seiji},
 title = {Abstract generation based on rhetorical structure extraction},
 booktitle = {Proceedings of the 15th conference on Computational linguistics - Volume 1},
 series = {COLING '94},
 year = {1994},
 location = {Kyoto, Japan},
 pages = {344--348},
 numpages = {5},
 url = {http://dx.doi.org/10.3115/991886.991946},
 doi = {10.3115/991886.991946},
 acmid = {991946},
 publisher = {Association for Computational Linguistics},
 address = {Stroudsburg, PA, USA},
} 

@article{95-miller,
 author = {Miller, George A.},
 title = {WordNet: a lexical database for English},
 journal = {Commun. ACM},
 issue_date = {Nov. 1995},
 volume = {38},
 number = {11},
 month = nov,
 year = {1995},
 issn = {0001-0782},
 pages = {39--41},
 numpages = {3},
 url = {http://doi.acm.org/10.1145/219717.219748},
 doi = {10.1145/219717.219748},
 acmid = {219748},
 publisher = {ACM},
 address = {New York, NY, USA},
} 

@inproceedings{95-mckeown-radev,
 author = {McKeown, Kathleen and Radev, Dragomir R.},
 title = {Generating summaries of multiple news articles},
 booktitle = {Proceedings of the 18th annual international ACM SIGIR conference on Research and development in information retrieval},
 series = {SIGIR '95},
 year = {1995},
 isbn = {0-89791-714-6},
 location = {Seattle, Washington, United States},
 pages = {74--82},
 numpages = {9},
 url = {http://doi.acm.org/10.1145/215206.215334},
 doi = {10.1145/215206.215334},
 acmid = {215334},
 publisher = {ACM},
 address = {New York, NY, USA},
 keywords = {natural language generation, natural language summarization, summarization of multiple texts},
} 

@inproceedings{95-kupiec-al,
 author = {Kupiec, Julian and Pedersen, Jan and Chen, Francine},
 title = {A trainable document summarizer},
 booktitle = {Proceedings of the 18th annual international ACM SIGIR conference on Research and development in information retrieval},
 series = {SIGIR '95},
 year = {1995},
 isbn = {0-89791-714-6},
 location = {Seattle, Washington, United States},
 pages = {68--73},
 numpages = {6},
 url = {http://doi.acm.org/10.1145/215206.215333},
 doi = {10.1145/215206.215333},
 acmid = {215333},
 publisher = {ACM},
 address = {New York, NY, USA},
}

@inproceedings{97-barzilay-elhadad,
 author = {Barzilay, Regina and Elhadad, Michael},
 booktitle = {In Proceedings of the ACL Workshop on Intelligent Scalable Text Summarization},
 keywords = {ml, text},
 pages = {10--17},
 posted-at = {2008-12-05 03:38:15},
 priority = {2},
 title = {Using lexical chains for text summarization},
 url = {http://citeseerx.ist.psu.edu/viewdoc/summary?doi=10.1.1.29.6428},
 year = {1997}
}

@inproceedings{97-lavoie-rambow,
 author = {Lavoie, Benoit and Rambow, Owen},
 title = {A fast and portable realizer for text generation systems},
 booktitle = {Proceedings of the fifth conference on Applied natural language processing},
 series = {ANLC '97},
 year = {1997},
 location = {Washington, DC},
 pages = {265--268},
 numpages = {4},
 url = {http://dx.doi.org/10.3115/974557.974596},
 doi = {10.3115/974557.974596},
 acmid = {974596},
 publisher = {Association for Computational Linguistics},
 address = {Stroudsburg, PA, USA},
} 

@article{07-yang-wang,
 author = {Yang, Christopher C. and Wang, Fu Lee},
 title = {An information delivery system with automatic summarization for mobile commerce},
 journal = {Decis. Support Syst.},
 issue_date = {February, 2007},
 volume = {43},
 number = {1},
 month = feb,
 year = {2007},
 issn = {0167-9236},
 pages = {46--61},
 numpages = {16},
 url = {http://dx.doi.org/10.1016/j.dss.2005.05.012},
 doi = {10.1016/j.dss.2005.05.012},
 acmid = {1223957},
 publisher = {Elsevier Science Publishers B. V.},
 address = {Amsterdam, The Netherlands, The Netherlands},
 keywords = {Document summarization, Financial news delivery, Fractal summarization, Handheld devices, Mobile commerce},
} 

@inproceedings{98-hovy-lin,
 author = {Hovy, Eduard and Lin, Chin-Yew},
 booktitle = {Proceedings of a workshop on held at Baltimore, Maryland: October 13-15, 1998},
 keywords = {summarization},
 organization = {Association for Computational Linguistics},
 pages = {197--214},
 title = {Automated text summarization and the {SUMMARIST} system},
 year = {1998}
}

@inproceedings{98-marcu,
 author = {Daniel Marcu},
 title = {Improving Summarization Through Rhetorical Parsing Tuning},
 booktitle = {In: The Sixth Workshop on Very Large Corpora},
 year = {1998},
 pages = {206--215}
}

@inproceedings{98-langkilde-knight,
 author = {Langkilde, Irene and Knight, Kevin},
 title = {Generation that exploits corpus-based statistical knowledge},
 booktitle = {Proceedings of the 17th international conference on Computational linguistics - Volume 1},
 series = {COLING '98},
 year = {1998},
 location = {Montreal, Quebec, Canada},
 pages = {704--710},
 numpages = {7},
 url = {http://dx.doi.org/10.3115/980451.980963},
 doi = {10.3115/980451.980963},
 acmid = {980963},
 publisher = {Association for Computational Linguistics},
 address = {Stroudsburg, PA, USA},
} 

@inproceedings{99-mani-al2,
 author = {Mani, Inderjeet and Gates, Barbara and Bloedorn, Eric},
 title = {Improving summaries by revising them},
 booktitle = {Proceedings of the 37th annual meeting of the Association for Computational Linguistics on Computational Linguistics},
 series = {ACL '99},
 year = {1999},
 isbn = {1-55860-609-3},
 location = {College Park, Maryland},
 pages = {558--565},
 numpages = {8},
 url = {http://dx.doi.org/10.3115/1034678.1034761},
 doi = {10.3115/1034678.1034761},
 acmid = {1034761},
 publisher = {Association for Computational Linguistics},
 address = {Stroudsburg, PA, USA},
}

@inproceedings {99-sparckjones,
 author = {Sparck Jones, Karen},
 title = {Automatic summarising: factors and directions},
 booktitle = {Advances in automatic text summarisation},
 publisher = {Cambridge MA: MIT Press},
 year = {1999},
}

@inproceedings {01-hori-furui,
 author = {Hori, Chiori and Furui, Sadaoki},
 title = {Advances in automatic speech summarization},
 booktitle = {In Proceedings of the 7th European Conference on Speech Communication and Technology},
 year = {2001},
 publisher = {},
 pages = {1771--1774},
}

@article{02-carson-al,
 address = {Computer Science Division, 387 Soda Hall \#1776, University of California at Berkeley, Berkeley, CA 94720-1776, United States},
 author = {Carson, C. and Belongie, S. and Greenspan, H. and Malik, J.},
 doi = {10.1109/TPAMI.2002.1023800},
 issn = {0162-8828},
 journal = {IEEE Transactions on Pattern Analysis and Machine Intelligence},
 keywords = {image, multi-modal, retrieval, segmentation},
 month = aug,
 number = {8},
 pages = {1026--1038},
 posted-at = {2011-02-15 20:42:06},
 priority = {2},
 title = {Blobworld: image segmentation using expectation-maximization and its application to image querying},
 url = {http://dx.doi.org/10.1109/TPAMI.2002.1023800},
 volume = {24},
 year = {2002}
}

@book{02-minel,
 author = {Minel, Jean-Luc},
 publisher = {Herm\`{e}s Science Publications, Paris},
 title = {Filtrage sémantique: du r{\'e}sumé automatique \`{a} la fouille de textes},
 year = {2002}
}

@article{02-radev-al,
 author = {Radev, Dragomir R. and Hovy, Eduard and McKeown, Kathleen},
 title = {Introduction to the special issue on summarization},
 journal = {Comput. Linguist.},
 issue_date = {December 2002},
 volume = {28},
 number = {4},
 month = dec,
 year = {2002},
 issn = {0891-2017},
 pages = {399--408},
 numpages = {10},
 url = {http://dx.doi.org/10.1162/089120102762671927},
 doi = {10.1162/089120102762671927},
 acmid = {638179},
 publisher = {MIT Press},
 address = {Cambridge, MA, USA},
} 


@article{03-nomoto-matsumoto,
 author = {Nomoto, Tadashi and Matsumoto, Yuji},
 title = {The diversity-based approach to open-domain text summarization},
 journal = {Inf. Process. Manage.},
 issue_date = {May 2003},
 volume = {39},
 number = {3},
 month = may,
 year = {2003},
 issn = {0306-4573},
 pages = {363--389},
 numpages = {27},
 url = {http://dx.doi.org/10.1016/S0306-4573(02)00096-1},
 doi = {10.1016/S0306-4573(02)00096-1},
 acmid = {782444},
 publisher = {Pergamon Press, Inc.},
 address = {Tarrytown, NY, USA},
 keywords = {MDL, clustering, decision tree, extrinsic and intrinsic evaluation, text summarization},
} 

@article{03-ekin-al,
 author = {Ekin, A. and Tekalp, A. M. and Mehrotra, R.},
 booktitle = {Image Processing, IEEE Transactions on},
 day = {15},
 doi = {10.1109/TIP.2003.812758},
 journal = {Image Processing, IEEE Transactions on},
 keywords = {motiondetect},
 month = jul,
 number = {7},
 pages = {796--807},
 posted-at = {2007-11-27 19:31:51},
 priority = {2},
 title = {Automatic soccer video analysis and summarization},
 url = {http://dx.doi.org/10.1109/TIP.2003.812758},
 volume = {12},
 year = {2003}
}

@inproceedings{03-Lin-hovy,
 author = {Lin, Chin-Yew and Hovy, Eduard},
 title = {Automatic evaluation of summaries using N-gram co-occurrence statistics},
 booktitle = {Proceedings of the 2003 Conference of the North American Chapter of the Association for Computational Linguistics on Human Language Technology - Volume 1},
 series = {NAACL '03},
 year = {2003},
 location = {Edmonton, Canada},
 pages = {71--78},
 numpages = {8},
 url = {http://dx.doi.org/10.3115/1073445.1073465},
 doi = {10.3115/1073445.1073465},
 acmid = {1073465},
 publisher = {Association for Computational Linguistics},
 address = {Stroudsburg, PA, USA},
}

@inproceedings{03-feifei-al,
 author = {Fei-Fei, Li and Fergus, Rob and Perona, Pietro},
 title = {A Bayesian Approach to Unsupervised One-Shot Learning of Object Categories},
 booktitle = {Proceedings of the Ninth IEEE International Conference on Computer Vision - Volume 2},
 series = {ICCV '03},
 year = {2003},
 isbn = {0-7695-1950-4},
 pages = {1134--},
 url = {http://dl.acm.org/citation.cfm?id=946247.946776},
 acmid = {946776},
 publisher = {IEEE Computer Society},
 address = {Washington, DC, USA},
}

@article {04-farzindar-al,
 title = {R{\'e}sum{\'e} de textes juridiques par identification de leur structure th{\'e}matique},
 journal = {Traitement automatique de la langue (TAL)},
 volume = {45},
 number = {1},
 year = {2004},
 month = {jan},
 pages = {39--64},
 author = {Atefeh Farzindar and Guy Lapalme and Jean-Pierre Descl{\'e}s}
}

@inproceedings{04-Inoue-al,
 author = {Inoue, Akira and Mikami, Takayoshi and Yamashita, Yoichi},
 booktitle = {Proc. Speech Prosody},
 keywords = {prosody, summarization},
 location = {Nara, Japan},
 posted-at = {2010-09-14 18:52:21},
 priority = {2},
 title = {Improvement of Speech Summarization Using Prosodic Information},
 url = {http://www.isca-speech.org/archive/sp2004/sp04\_599.html},
 year = {2004}
}

@article{04-crispino-couto,
 hal_id = {halshs-00158850},
 url = {http://halshs.archives-ouvertes.fr/halshs-00158850},
 title = {{Construction automatique de r{\'e}sum{\'e}s : une approche dynamique}},
 author = {Couto, Javier and Crispino, Gustavo},
 keywords = {r{\'e}sum{\'e} dynamique, visualisation d'information, navigation textuelle, filtrage s{\'e}mantique},
 language = {Fran{\c c}ais},
 affiliation = {Langues, logiques, informatiques, cognition et communication - LaLIC},
 pages = {95--120},
 journal = {Traitement automatique des langues (TAL), R{\'e}sum{\'e} automatique de textes},
 volume = {45},
 number = {1/2004 },
 audience = {non sp{\'e}cifi{\'e}e },
 year = {2004},
 month = Apr,
}

@inproceedings {05-usunier-al,
 author = {Usunier, Nicolas and Amini, Massih-Reza and Gallinari, Patrick},
 title = {R{\'e}sum{\'e} automatique de texte avec un algorithme d'ordonnancement},
 booktitle = {Proceedings of the 2nd Conférence en Recherche d'Informations et Applications (CORIA 2005)},
 year = {2005},
 publisher = {},
 pages = {25--40},
}

@inproceedings{06-kazantseva,
 author = {Kazantseva, Anna},
 title = {An approach to summarizing short stories},
 booktitle = {Proceedings of the Eleventh Conference of the European Chapter of the Association for Computational Linguistics: Student Research Workshop},
 series = {EACL '06},
 year = {2006},
 location = {Trento, Italy},
 pages = {55--62},
 numpages = {8},
 url = {http://dl.acm.org/citation.cfm?id=1609039.1609046},
 acmid = {1609046},
 publisher = {Association for Computational Linguistics},
 address = {Stroudsburg, PA, USA},
}

@article{06-albanese-al,
 author = {M. Albanese and M. Fayzullin and A. Picariello and V.S. Subrahmanian},
 title = {The priority curve algorithm for video summarization},
 journal = {Information Systems},
 pages = {679--695},
 year = {2006},
 issue_date = {November 2006},
 volume = {31},
 number = {7},
 month = nov,
 issn = {0306-4379},
 numpages = {17},
 url = {http://dx.doi.org/10.1016/j.is.2005.12.003},
 doi = {10.1016/j.is.2005.12.003},
 acmid = {1226388},
 publisher = {Elsevier Science Ltd.},
 address = {Oxford, UK, UK},
 keywords = {content based retrieval, video databases, video summarization},
}

@misc{07-das-martins,
 author = {Das, Dipanjan and Martins, Andr\'e F. T.},
 title = {{A Survey on Automatic Text Summarization}},
 year = {2007}
 pages = {1--31},
 citeulike-article-id = {7182216},
 key = {das2007survey},
 keywords = {automatic\_text\_summarization},
 month = nov,
 posted-at = {2010-05-17 23:03:23},
 priority = {2},

}

@phdthesis{07-hassel,
 Author = {Hassel, Martin},
 Title = {Resource Lean and Portable Automatic Text Summarization},
 School = {KTH School of Computer Science and Communication},
 Year = {2007},
 address = {Stockholm, Sweden},
}

@inproceedings {07-reeve-al,
 author = {Reeve, Lawrence H. and Han, Hyoil and Brooks, Ari D.},
 title = {The use of domain-specific concepts in biomedical text summarization},
 booktitle = {Information Processing and Management 43},
 year = {2007},
 publisher = {Elsevier Ltd.},
 pages = {1765--1776},
 volume = {43},
 number = {6},
}

@phdthesis{08-boudin,
 Author = {Florian Boudin},
 Title = {Exploration d'approches statistiques pour le r{\'e}sum{\'e} automatique de texte },
 School = {Laboratoire Informatique d'Avignon -- Universit{\'e} d'Avignon},
 Year = {2008}
}

@inproceedings {09-genereux-bossard,
 author = {G{\'e}n{\'e}reux, Michel and Bossard, Aur{\'e}lien},
 title = {R{\'e}sum{\'e} automatique de textes d'opinions},
 booktitle = {TALN 2009},
 year = {2009},
 publisher = {},
 pages = {},
}

@inproceedings {09-boudin-torresmoreno,
 author = {Boudin, Florian and Torres-Moreno, Juan-Manuel},
 title = {R{\'e}sum{\'e} automatique multi-document et ind{\'e}pendance de la langue: une premi\`{e}re {\'e}valuation en fran\c{c}ais},
 booktitle = {Traitement Automatique des Langues Naturelles (TALN)},
 year = {2009}
}

@inproceedings{09-liu-al,
 author = {Liu, Shixia and Zhou, Michelle X. and Pan, Shimei and Qian, Weihong and Cai, Weijia and Lian, Xiaoxiao},
 title = {Interactive, topic-based visual text summarization and analysis},
 booktitle = {Proceedings of the 18th ACM conference on Information and knowledge management},
 series = {CIKM '09},
 year = {2009},
 isbn = {978-1-60558-512-3},
 location = {Hong Kong, China},
 pages = {543--552},
 numpages = {10},
 url = {http://doi.acm.org/10.1145/1645953.1646023},
 doi = {10.1145/1645953.1646023},
 acmid = {1646023},
 publisher = {ACM},
 address = {New York, NY, USA},
 keywords = {interactive text visualization, stacked graph, text summarization, topic model},
} 

@article{09-zhan-al,
 author = {Zhan, Jiaming and Loh, Han Tong and Liu, Ying},
 title = {Gather customer concerns from online product reviews - A text summarization approach},
 journal = {Expert Syst. Appl.},
 issue_date = {March, 2009},
 volume = {36},
 number = {2},
 month = mar,
 year = {2009},
 issn = {0957-4174},
 pages = {2107--2115},
 numpages = {9},
 url = {http://dx.doi.org/10.1016/j.eswa.2007.12.039},
 doi = {10.1016/j.eswa.2007.12.039},
 acmid = {1465042},
 publisher = {Pergamon Press, Inc.},
 address = {Tarrytown, NY, USA},
 keywords = {Customer concern, Product review, Text summarization},
} 

@inproceedings{10-bysani,
 author = {Bysani, Praveen},
 title = {Detecting novelty in the context of progressive summarization},
 booktitle = {Proceedings of the NAACL HLT 2010 Student Research Workshop},
 series = {HLT-SRWS '10},
 year = {2010},
 location = {Los Angeles, California},
 pages = {13--18},
 numpages = {6},
 url = {http://dl.acm.org/citation.cfm?id=1858146.1858149},
 acmid = {1858149},
 publisher = {Association for Computational Linguistics},
 address = {Stroudsburg, PA, USA},
} 

@InProceedings{10-yatsko-al,
author = {Yatsko, V. A. and Starikov, M. S. and Butakov, A. V.},
 title = {Automatic genre recognition and adaptive text summarization},
 journal = {Autom. Doc. Math. Linguist.},
 issue_date = {June 2010},
 volume = {44},
 number = {3},
 month = jun,
 year = {2010},
 issn = {0005-1055},
 pages = {111--120},
 numpages = {10},
 url = {http://dx.doi.org/10.3103/S0005105510030027},
 doi = {10.3103/S0005105510030027},
 acmid = {1861403},
 publisher = {Springer-Verlag New York, Inc.},
 address = {Secaucus, NJ, USA},
 keywords = {automatic genre recognition, automatic summarization, summarization algorithms, verification of parameters},
}

@inproceedings{10-lehmam,
 author = {Lehmam, Abderrafih},
 title = {Essential summarizer: innovative automatic text summarization software in twenty languages},
 booktitle = {Adaptivity, Personalization and Fusion of Heterogeneous Information},
 series = {RIAO '10},
 year = {2010},
 location = {Paris, France},
 pages = {216--217},
 numpages = {2},
 url = {http://dl.acm.org/citation.cfm?id=1937055.1937111},
 acmid = {1937111},
 publisher = {LE CENTRE DE HAUTES ETUDES INTERNATIONALES D'INFORMATIQUE DOCUMENTAIRE},
 address = {Paris, France, France},
 keywords = {computational linguistics, discourse analysis, extraction of information, information language, multilingualism, relevance, summarization, text mining, text summarization tool},
} 

@inproceedings{11-uzzaman-al,
 author = {UzZaman, Naushad and Bigham, Jeffrey P. and Allen, James F.},
 title = {Multimodal summarization of complex sentences},
 booktitle = {Proceedings of the 16th international conference on Intelligent user interfaces},
 series = {IUI '11},
 year = {2011},
 isbn = {978-1-4503-0419-1},
 location = {Palo Alto, CA, USA},
 pages = {43--52},
 numpages = {10},
 url = {http://doi.acm.org/10.1145/1943403.1943412},
 doi = {10.1145/1943403.1943412},
 acmid = {1943412},
 publisher = {ACM},
 address = {New York, NY, USA},
 keywords = {AAC, MMS, ROC MMS, augmentative and alternative communication, automatic illustration, illustration, multimodal summarization, pictorial representation, picture, sentence compression, summarization, text-to-picture, visualization},
} 

@article{12-workman-al,
 author = {T Elizabeth Workman and Marcelo Fiszman and John F Hurdle},
 title = {Text summarization as a decision support aid},
 journal = {BMC Medical Informatics and Decision Making},
 issue_date = {23 May 2012},
 volume = {},
 number = {},
 month = oct,
 year = {2012},
 issn = {1472-6947},
 pages = {},
 numpages = {},
 url = {http://www.biomedcentral.com/1472-6947/12/41},
 doi = {10.1186/1472-6947-12-41},
 publisher = {BioMed Central Ltd},
 address = {},
 keywords = {},
}

% % % % % % % % % % % % % % % % % % % % % % 
% %find the bibtex for
% % % % % % % % % % % % % % % % % % % % % %
