%==================================================================================
%==================================================================================
% Document		:		Bibliographie de Chapitre: Approche statistique pour le résumé automatique de textes
%
% Auteur		: 		Abdelkrime ARIES
% Encadreur		:		Dr. Omar NOUALI
% Co-encadreur	:		Mme. Houda OUFAIDA
% Établissement	:		ESI (Ecole Nationale Supérieure d'Informatique; ex. INI) 
% Adresse		:		Oued Smar, Alger, Algérie 
% Année			:		2012/2013
% Grade			:		Magister
% discipline 	:		Informatique 
% Spécialité	:		IRM (Informatique Répartie et Mobile)
% Titre			:		Résumé automatique de textes
%
%==================================================================================
%==================================================================================
@Article{58-luhn,
author = {Luhn, H. P.},
 title = {The automatic creation of literature abstracts},
 journal = {IBM J. Res. Dev.},
 issue_date = {April 1958},
 volume = {2},
 number = {2},
 month = apr,
 year = {1958},
 issn = {0018-8646},
 pages = {159--165},
 numpages = {7},
 url = {http://dx.doi.org/10.1147/rd.22.0159},
 doi = {10.1147/rd.22.0159},
 acmid = {1662360},
 publisher = {IBM Corp.},
 address = {Riverton, NJ, USA},
}

@article{58-baxendale,
author = {Baxendale, P. B.},
 title = {Machine-made index for technical literature: an experiment},
 journal = {IBM J. Res. Dev.},
 issue_date = {October 1958},
 volume = {2},
 number = {4},
 month = oct,
 year = {1958},
 issn = {0018-8646},
 pages = {354--361},
 numpages = {8},
 url = {http://dx.doi.org/10.1147/rd.24.0354},
 doi = {10.1147/rd.24.0354},
 acmid = {1662385},
 publisher = {IBM Corp.},
 address = {Riverton, NJ, USA},
} 

@article{69-edmundson,
author = {Edmundson, H. P.},
 title = {New Methods in Automatic Extracting},
 journal = {J. ACM},
 issue_date = {April 1969},
 volume = {16},
 number = {2},
 month = apr,
 year = {1969},
 issn = {0004-5411},
 pages = {264--285},
 numpages = {22},
 url = {http://doi.acm.org/10.1145/321510.321519},
 doi = {10.1145/321510.321519},
 acmid = {321519},
 publisher = {ACM},
 address = {New York, NY, USA},
} 

@article{73-salton-yang,
  author = {Salton, G. and Yang, C. S.},
  title = {On the specification of term values in automatic indexing.},
  journal = {Journal of Documentation.},
  keywords = {Information automatic indexing. retrieval, term weighting,},
  number = 4,
  pages = {351-372},
  qnote = {Seminal paper.},
  volume = 29,
  year = 1973
}

@article{78-hobbs,
title = "Resolving pronoun references",
journal = "Lingua",
volume = "44",
number = "4",
pages = "311--338",
year = "1978",
note = "",
issn = "0024-3841",
doi = "10.1016/0024-3841(78)90006-2",
url = "http://www.sciencedirect.com/science/article/pii/0024384178900062",
author = "Jerry R. Hobbs"
}

@inproceedings{97-lin-hovy,
 author = {Lin, Chin-Yew and Hovy, Eduard},
 title = {Identifying topics by position},
 booktitle = {Proceedings of the fifth conference on Applied natural language processing},
 series = {ANLC '97},
 year = {1997},
 location = {Washington, DC},
 pages = {283--290},
 numpages = {8},
 url = {http://dx.doi.org/10.3115/974557.974599},
 doi = {10.3115/974557.974599},
 acmid = {974599},
 publisher = {Association for Computational Linguistics},
 address = {Stroudsburg, PA, USA},
} 

@inproceedings{04-brants,
 address = {Antwerp, Belgium},
 author = {Brants, Thorsten},
 booktitle = {Proceedings of {CLIN} 2004},
 citeulike-article-id = {940208},
 keywords = {bibtex-import},
 pages = {1--13},
 posted-at = {2006-11-11 09:43:07},
 priority = {2},
 title = {{N}atural {L}anguage {P}rocessing in {I}nformation {R}etrieval},
 year = {2004}
}

@article{96-sproat-al,
 author = {Sproat, Richard and Gale, William and Shih, Chilin and Chang, Nancy},
 title = {A stochastic finite-state word-segmentation algorithm for Chinese},
 journal = {Comput. Linguist.},
 issue_date = {September 1996},
 volume = {22},
 number = {3},
 month = sep,
 year = {1996},
 issn = {0891-2017},
 pages = {377--404},
 numpages = {28},
 url = {http://dl.acm.org/citation.cfm?id=239895.239900},
 acmid = {239900},
 publisher = {MIT Press},
 address = {Cambridge, MA, USA},
}

@inproceedings{00-tai-al,
 author = {Tai, Sock Yin and Ong, Cheng Soon and Abullah, Noor Aida},
 title = {On designing an automated Malaysian stemmer for the Malay language (poster session)},
 booktitle = {Proceedings of the fifth international workshop on on Information retrieval with Asian languages},
 series = {IRAL '00},
 year = {2000},
 isbn = {1-58113-300-6},
 location = {Hong Kong, China},
 pages = {207--208},
 numpages = {2},
 url = {http://doi.acm.org/10.1145/355214.355247},
 doi = {10.1145/355214.355247},
 acmid = {355247},
 publisher = {ACM},
 address = {New York, NY, USA},
 keywords = {Malay language, World Wide Web, information retrieval, stemming},
}

@inproceedings{02-larkey-al,
 author = {Larkey, Leah S. and Ballesteros, Lisa and Connell, Margaret E.},
 title = {Improving stemming for Arabic information retrieval: light stemming and co-occurrence analysis},
 booktitle = {Proceedings of the 25th annual international ACM SIGIR conference on Research and development in information retrieval},
 series = {SIGIR '02},
 year = {2002},
 isbn = {1-58113-561-0},
 location = {Tampere, Finland},
 pages = {275--282},
 numpages = {8},
 url = {http://doi.acm.org/10.1145/564376.564425},
 doi = {10.1145/564376.564425},
 acmid = {564425},
 publisher = {ACM},
 address = {New York, NY, USA},
 keywords = {Arabic, cross-language information retrieval, cross-lingual, stemming},
}

@article{02-mikheev,
 author = {Mikheev, Andrei},
 title = {Periods, capitalized words, etc.},
 journal = {Comput. Linguist.},
 issue_date = {September 2002},
 volume = {28},
 number = {3},
 month = sep,
 year = {2002},
 issn = {0891-2017},
 pages = {289--318},
 numpages = {30},
 url = {http://dx.doi.org/10.1162/089120102760275992},
 doi = {10.1162/089120102760275992},
 acmid = {643094},
 publisher = {MIT Press},
 address = {Cambridge, MA, USA},
}

@inproceedings{01-moulinier-al,
 author = {Moulinier, Isabelle and McCulloh, J. Andrew and Lund, Elizabeth},
 title = {West Group at CLEF 2000: Non-english Monolingual Retrieval},
 booktitle = {Revised Papers from the Workshop of Cross-Language Evaluation Forum on Cross-Language Information Retrieval and Evaluation},
 series = {CLEF '00},
 year = {2001},
 isbn = {3-540-42446-6},
 pages = {253--260},
 numpages = {8},
 url = {http://dl.acm.org/citation.cfm?id=648263.753392},
 acmid = {753392},
 publisher = {Springer-Verlag},
 address = {London, UK, UK},
}

@inproceedings{01-monz-rijke,
 author = {Monz, Christof and Rijke, Maarten de},
 title = {Shallow Morphological Analysis in Monolingual Information Retrieval for Dutch, German, and Italian},
 booktitle = {Revised Papers from the Second Workshop of the Cross-Language Evaluation Forum on Evaluation of Cross-Language Information Retrieval Systems},
 series = {CLEF '01},
 year = {2002},
 isbn = {3-540-44042-9},
 pages = {262--277},
 numpages = {16},
 url = {http://dl.acm.org/citation.cfm?id=648264.753552},
 acmid = {753552},
 publisher = {Springer-Verlag},
 address = {London, UK, UK},
}

@article{00-teahan-al,
 author = {Teahan, W. J. and McNab, Rodger and Wen, Yingying and Witten, Ian H.},
 title = {A compression-based algorithm for Chinese word segmentation},
 journal = {Comput. Linguist.},
 issue_date = {September 2000},
 volume = {26},
 number = {3},
 month = sep,
 year = {2000},
 issn = {0891-2017},
 pages = {375--393},
 numpages = {19},
 url = {http://dx.doi.org/10.1162/089120100561746},
 doi = {10.1162/089120100561746},
 acmid = {971873},
 publisher = {MIT Press},
 address = {Cambridge, MA, USA},
}

@inproceedings{98-mitkov,
 author = {Mitkov, Ruslan},
 title = {Robust pronoun resolution with limited knowledge},
 booktitle = {Proceedings of the 17th international conference on Computational linguistics - Volume 2},
 series = {COLING '98},
 year = {1998},
 location = {Montreal, Quebec, Canada},
 pages = {869--875},
 numpages = {7},
 url = {http://dx.doi.org/10.3115/980432.980712},
 doi = {10.3115/980432.980712},
 acmid = {980712},
 publisher = {Association for Computational Linguistics},
 address = {Stroudsburg, PA, USA},
} 

@article{97-palmer-hearst,
 author = {Palmer, David D. and Hearst, Marti A.},
 title = {Adaptive multilingual sentence boundary disambiguation},
 journal = {Comput. Linguist.},
 issue_date = {June 1997},
 volume = {23},
 number = {2},
 month = jun,
 year = {1997},
 issn = {0891-2017},
 pages = {241--267},
 numpages = {27},
 url = {http://dl.acm.org/citation.cfm?id=972695.972697},
 acmid = {972697},
 publisher = {MIT Press},
 address = {Cambridge, MA, USA},
}

@article{94-lappin-leass,
 author = {Lappin, Shalom and Leass, Herbert J.},
 title = {An algorithm for pronominal anaphora resolution},
 journal = {Comput. Linguist.},
 issue_date = {December 1994},
 volume = {20},
 number = {4},
 month = dec,
 year = {1994},
 issn = {0891-2017},
 pages = {535--561},
 numpages = {27},
 url = {http://dl.acm.org/citation.cfm?id=203987.203989},
 acmid = {203989},
 publisher = {MIT Press},
 address = {Cambridge, MA, USA},
} 

@inproceedings{97-palmer,
 author = {Palmer, David D.},
 title = {A trainable rule-based algorithm for word segmentation},
 booktitle = {Proceedings of the 35th Annual Meeting of the Association for Computational Linguistics and Eighth Conference of the European Chapter of the Association for Computational Linguistics},
 series = {ACL '98},
 year = {1997},
 location = {Madrid, Spain},
 pages = {321--328},
 numpages = {8},
 url = {http://dx.doi.org/10.3115/976909.979658},
 doi = {10.3115/976909.979658},
 acmid = {979658},
 publisher = {Association for Computational Linguistics},
 address = {Stroudsburg, PA, USA},
}

@inproceedings{96-asanee-al,
 author = {Asanee, Kawtrakul and Chalatip, Thumkanon and Thitima, Jamjanya and Parinee, Muangyunnan and Kritsada, Poolwan and Yasuyoshi, Inagaki},
 title = {A gradual refinement model for a robust thai morphological analyzer},
 booktitle = {Proceedings of the 16th conference on Computational linguistics - Volume 2},
 series = {COLING '96},
 year = {1996},
 location = {Copenhagen, Denmark},
 pages = {1086--1089},
 numpages = {4},
 url = {http://dx.doi.org/10.3115/993268.993372},
 doi = {10.3115/993268.993372},
 acmid = {993372},
 publisher = {Association for Computational Linguistics},
 address = {Stroudsburg, PA, USA},
}

@inproceedings{95-aberdeen-al,
 author = {Aberdeen, John and Burger, John and Day, David and Hirschman, Lynette and Robinson, Patricia and Vilain, Marc},
 title = {MITRE: description of the Alembic system used for MUC-6},
 booktitle = {Proceedings of the 6th conference on Message understanding},
 series = {MUC6 '95},
 year = {1995},
 isbn = {1-55860-402-2},
 location = {Columbia, Maryland},
 pages = {141--155},
 numpages = {15},
 url = {http://dx.doi.org/10.3115/1072399.1072413},
 doi = {10.3115/1072399.1072413},
 acmid = {1072413},
 publisher = {Association for Computational Linguistics},
 address = {Stroudsburg, PA, USA},
}

@inproceedings{89-riley,
 author = {Riley, Michael D.},
 title = {Some applications of tree-based modelling to speech and language},
 booktitle = {Proceedings of the workshop on Speech and Natural Language},
 series = {HLT '89},
 year = {1989},
 isbn = {1-55860-112-0},
 location = {Cape Cod, Massachusetts},
 pages = {339--352},
 numpages = {14},
 url = {http://dx.doi.org/10.3115/1075434.1075492},
 doi = {10.3115/1075434.1075492},
 acmid = {1075492},
 publisher = {Association for Computational Linguistics},
 address = {Stroudsburg, PA, USA},
}

@article{05-gao-al,
 author = {Gao, Jianfeng and Li, Mu and Wu, Andi and Huang, Chang-Ning},
 title = {Chinese Word Segmentation and Named Entity Recognition: A Pragmatic Approach},
 journal = {Comput. Linguist.},
 issue_date = {December 2005},
 volume = {31},
 number = {4},
 month = dec,
 year = {2005},
 issn = {0891-2017},
 pages = {531--574},
 numpages = {44},
 url = {http://dx.doi.org/10.1162/089120105775299177},
 doi = {10.1162/089120105775299177},
 acmid = {1110830},
 publisher = {MIT Press},
 address = {Cambridge, MA, USA},
}

@article{06-kiss-strunk,
 author = {Kiss, Tibor and Strunk, Jan},
 title = {Unsupervised Multilingual Sentence Boundary Detection},
 journal = {Comput. Linguist.},
 issue_date = {December 2006},
 volume = {32},
 number = {4},
 month = dec,
 year = {2006},
 issn = {0891-2017},
 pages = {485--525},
 numpages = {41},
 url = {http://dx.doi.org/10.1162/coli.2006.32.4.485},
 doi = {10.1162/coli.2006.32.4.485},
 acmid = {1245122},
 publisher = {MIT Press},
 address = {Cambridge, MA, USA},
}

@book{90-nunberg,
 author = {Nunberg, Geoffrey},
 title = {{The Linguistics of Punctuation (Center for the Study of Language and Information - Lecture Notes)}},
 year = {1990},
 publisher = {{Center for the Study of Language and Inf}},
 citeulike-article-id = {421628},
 day = {13},
 howpublished = {Paperback},
 isbn = {0937073466},
 keywords = {cultural\_studies, language, linguistics},
 month = aug,
 posted-at = {2005-12-04 04:55:24},
 priority = {2},
url = {http://www.amazon.com/exec/obidos/redirect?tag=citeulike07-20\&path=ASIN/0937073466},
}

@article{92-popovic-willett,
    author = {Popovi\v{c}, Mirko and Willett, Peter},
    citeulike-article-id = {9336133},
    citeulike-linkout-0 = {http://dx.doi.org/10.1002/(SICI)1097-4571(199206)43:5\%3C384::AID-ASI6\%3E3.0.CO;2-L},
    doi = {10.1002/(SICI)1097-4571(199206)43:5\%3C384::AID-ASI6\%3E3.0.CO;2-L},
    journal = {J. Am. Soc. Inf. Sci.},
    number = {5},
    pages = {384--390},
    posted-at = {2011-05-24 18:06:19},
    priority = {2},
    publisher = {Wiley Subscription Services, Inc., A Wiley Company},
    title = {{The effectiveness of stemming for natural-language access to Slovene textual data}},
    url = {http://dx.doi.org/10.1002/(SICI)1097-4571(199206)43:5\%3C384::AID-ASI6\%3E3.0.CO;2-L},
    volume = {43},
    year = {1992}
}

@inproceedings{96-ekmekcioglu-al,
 author = {Ekmek\c{c}ioglu, F. \c{C}una and Lynch, Michael F. and Willett, Peter},
 title = {Stemming and n-gram matching for term conflation in Turkish texts},
 booktitle = {Information Research News},
 number = {1},
 volume= {7}, 
 year = {1996},
 pages = {2--6},
} 

// Les processus de reconnaissance des mots comme base d'une méthode universelle de segmentation automatique de textes en phrases. 
// Un procédé de détermination automatique des frontières de phrases en anglais.

@article{80-muller-al,
 author = {M\"uller, Hans and Amerl, V. and Natalis, G.},
 title = { Worterkennungsverfahren als Grundlage einer Universalmethode zur automatischen Segmentierung von Texten in S\"atze. Ein Verfahren zur maschinellen Satzgrenzenbestimmung im Englischen}, 
 booktitle = {Sprache und Datenverarbeitung},
 year = {1980},
 pages = {46--64},
 number = {1},
 volume= {4}, 
 language = {ger},
 issn = {0343-5202},
} 

@incollection{10-palmer,
 author = {David D. Palmer},
 title = {Text Preprocessing},
 booktitle = {Handbook of Natural Language Processing},
 edition = {deuxi\`eme}, 
 editor = {Nitin Indurkhya and Fred J. Damerau},
 publisher = {CRC Press,Taylor and Francis Group},
 address = {Boca Raton, FL},
 year = {2010},
 series = {Machine learning \& Pattern Recognition},
 isbn = {978-1-4200-8593-8},
}

@inproceedings{95-kupiec-al,
 author = {Kupiec, Julian and Pedersen, Jan and Chen, Francine},
 title = {A trainable document summarizer},
 booktitle = {Proceedings of the 18th annual international ACM SIGIR conference on Research and development in information retrieval},
 series = {SIGIR '95},
 year = {1995},
 isbn = {0-89791-714-6},
 location = {Seattle, Washington, United States},
 pages = {68--73},
 numpages = {6},
 url = {http://doi.acm.org/10.1145/215206.215333},
 doi = {10.1145/215206.215333},
 acmid = {215333},
 publisher = {ACM},
 address = {New York, NY, USA},
}

@inproceedings{81-paice,
 author = {Paice, C. D.},
 title = {The automatic generation of literature abstracts: an approach based on the identification of self-indicating phrases},
 booktitle = {Proceedings of the 3rd annual ACM conference on Research and development in information retrieval},
 series = {SIGIR '80},
 year = {1981},
 isbn = {0-408-10775-8},
 location = {Cambridge, England},
 pages = {172--191},
 numpages = {20},
 url = {http://dl.acm.org/citation.cfm?id=636669.636680},
 acmid = {636680},
 publisher = {Butterworth  \& Co.},
 address = {Kent, UK, UK},
}

@InProceedings{01-amini-gallinari,
 author = {Massih Amini and Patrick Gallinari},
 title = {Self-supervised learning for automatic text summarization by text-span extraction},
 booktitle = {Proceedings of the 23rd BCS European Annual Colloquium on Information Retrieval (ECIR'01)},
 pages = {55--63},
 year =  {2001}
}

@inproceedings{08-wong-al,
 author = {Wong, Kam-Fai and Wu, Mingli and Li, Wenjie},
 title = {Extractive summarization using supervised and semi-supervised learning},
 booktitle = {Proceedings of the 22nd International Conference on Computational Linguistics - Volume 1},
 series = {COLING '08},
 year = {2008},
 isbn = {978-1-905593-44-6},
 location = {Manchester, United Kingdom},
 pages = {985--992},
 numpages = {8},
 url = {http://dl.acm.org/citation.cfm?id=1599081.1599205},
 acmid = {1599205},
 publisher = {Association for Computational Linguistics},
 address = {Stroudsburg, PA, USA},
}

@article{05-yeh-al,
 author = {Yeh, Jen-Yuan and Ke, Hao-Ren and Yang, Wei-Pang and Meng, I-Heng},
 title = {Text summarization using a trainable summarizer and latent semantic analysis},
 journal = {Inf. Process. Manage.},
 issue_date = {January 2005},
 volume = {41},
 number = {1},
 month = jan,
 year = {2005},
 issn = {0306-4573},
 pages = {75--95},
 numpages = {21},
 url = {http://dx.doi.org/10.1016/j.ipm.2004.04.003},
 doi = {10.1016/j.ipm.2004.04.003},
 acmid = {1041184},
 publisher = {Pergamon Press, Inc.},
 address = {Tarrytown, NY, USA},
 keywords = {corpus-based approach, latent semantic analysis, text relationship map, text summarization},
}

@inproceedings{02-osborne,
 author = {Osborne, Miles},
 title = {Using maximum entropy for sentence extraction},
 booktitle = {Proceedings of the ACL-02 Workshop on Automatic Summarization - Volume 4},
 series = {AS '02},
 year = {2002},
 location = {Phildadelphia, Pennsylvania},
 pages = {1--8},
 numpages = {8},
 url = {http://dx.doi.org/10.3115/1118162.1118163},
 doi = {10.3115/1118162.1118163},
 acmid = {1118163},
 publisher = {Association for Computational Linguistics},
 address = {Stroudsburg, PA, USA},
}

@InProceedings{10-yatsko-al,
author = {Yatsko, V. A. and Starikov, M. S. and Butakov, A. V.},
 title = {Automatic genre recognition and adaptive text summarization},
 journal = {Autom. Doc. Math. Linguist.},
 issue_date = {June 2010},
 volume = {44},
 number = {3},
 month = jun,
 year = {2010},
 issn = {0005-1055},
 pages = {111--120},
 numpages = {10},
 url = {http://dx.doi.org/10.3103/S0005105510030027},
 doi = {10.3103/S0005105510030027},
 acmid = {1861403},
 publisher = {Springer-Verlag New York, Inc.},
 address = {Secaucus, NJ, USA},
 keywords = {automatic genre recognition, automatic summarization, summarization algorithms, verification of parameters},
}

------------------
------------------
@inproceedings{04-qiu-al,
  author    = {Long Qiu and Min-Yen Kan and Tat-Seng Chua},
  title     = {A Public Reference Implementation of the RAP Anaphora Resolution Algorithm},
  booktitle = {LREC},
  year      = {2004},
  ee        = {http://www.lrec-conf.org/proceedings/lrec2004/pdf/778.pdf},
  crossref  = {DBLP:conf/lrec/2004},
  bibsource = {DBLP, http://dblp.uni-trier.de}
}

@inproceedings {08-boudin-al,
   author = {Boudin, Florian and El-B\`eze, Marc and Torres-Moreno, Juan-Manuel},
   title = {The LIA Update Summarization system at TAC-2008},
   booktitle = {Text Analysis Conference (TAC)},
   year = {2008}
}

@inproceedings{00-radev-al,
 author = {Radev, Dragomir R. and Jing, Hongyan and Budzikowska, Malgorzata},
 title = {Centroid-based summarization of multiple documents: sentence extraction, utility-based evaluation, and user studies},
 booktitle = {Proceedings of the 2000 NAACL-ANLPWorkshop on Automatic summarization - Volume 4},
 series = {NAACL-ANLP-AutoSum '00},
 year = {2000},
 location = {Seattle, Washington},
 pages = {21--30},
 numpages = {10},
 url = {http://dx.doi.org/10.3115/1117575.1117578},
 doi = {10.3115/1117575.1117578},
 acmid = {1117578},
 publisher = {Association for Computational Linguistics},
 address = {Stroudsburg, PA, USA},
} 

@inproceedings{99-mckeown-al,
 author = {McKeown, Kathleen R. and Klavans, Judith L. and Hatzivassiloglou, Vasileios and Barzilay, Regina and Eskin, Eleazar},
 title = {Towards multidocument summarization by reformulation: progress and prospects},
 booktitle = {Proceedings of the sixteenth national conference on Artificial intelligence and the eleventh Innovative applications of artificial intelligence conference innovative applications of artificial intelligence},
 series = {AAAI '99/IAAI '99},
 year = {1999},
 isbn = {0-262-51106-1},
 location = {Orlando, Florida, United States},
 pages = {453--460},
 numpages = {8},
 url = {http://dl.acm.org/citation.cfm?id=315149.315355},
 acmid = {315355},
 publisher = {American Association for Artificial Intelligence},
 address = {Menlo Park, CA, USA},
} 

@inproceedings{02-lin-hovy,
 author = {Lin, Chin-Yew and Hovy, Eduard},
 title = {From single to multi-document summarization: a prototype system and its evaluation},
 booktitle = {Proceedings of the 40th Annual Meeting on Association for Computational Linguistics},
 series = {ACL '02},
 year = {2002},
 location = {Philadelphia, Pennsylvania},
 pages = {457--464},
 numpages = {8},
 url = {http://dx.doi.org/10.3115/1073083.1073160},
 doi = {10.3115/1073083.1073160},
 acmid = {1073160},
 publisher = {Association for Computational Linguistics},
 address = {Stroudsburg, PA, USA},
} 

@inproceedings{08-ji-nie,
 author = {Donghong Ji and Yu Nie},
 title = {Sentence ordering based on cluster adjacency in multi-document summarization},
 booktitle = {Proceedings of the third International Joint Conference on Natural Language Processing},
 year = {2008},
 volume ={2},
 page = {745--750},
} 

@inproceedings{05-bollegala-al,
 author = {Bollegala, Danushka and Okazaki, Naoaki and Ishizuka, Mitsuru},
 title = {A machine learning approach to sentence ordering for multidocument summarization and its evaluation},
 booktitle = {Proceedings of the Second international joint conference on Natural Language Processing},
 series = {IJCNLP'05},
 year = {2005},
 isbn = {3-540-29172-5, 978-3-540-29172-5},
 location = {Jeju Island, Korea},
 pages = {624--635},
 numpages = {12},
 url = {http://dx.doi.org/10.1007/11562214_55},
 doi = {10.1007/11562214_55},
 acmid = {2145970},
 publisher = {Springer-Verlag},
 address = {Berlin, Heidelberg},
} 

@article{02-barzilay-al,
 author = {Barzilay, Regina and Elhadad, Noemie and McKeown, Kathleen R.},
 title = {Inferring strategies for sentence ordering in multidocument news summarization},
 journal = {J. Artif. Int. Res.},
 issue_date = {July 2002},
 volume = {17},
 number = {1},
 month = aug,
 year = {2002},
 issn = {1076-9757},
 pages = {35--55},
 numpages = {21},
 url = {http://dl.acm.org/citation.cfm?id=1622810.1622812},
 acmid = {1622812},
 publisher = {AI Access Foundation},
 address = {USA},
} 

@inproceedings{99-jing-mckeown,
 author = {Jing, Hongyan and McKeown, Kathleen R.},
 title = {The decomposition of human-written summary sentences},
 booktitle = {Proceedings of the 22nd annual international ACM SIGIR conference on Research and development in information retrieval},
 series = {SIGIR '99},
 year = {1999},
 isbn = {1-58113-096-1},
 location = {Berkeley, California, United States},
 pages = {129--136},
 numpages = {8},
 url = {http://doi.acm.org/10.1145/312624.312666},
 doi = {10.1145/312624.312666},
 acmid = {312666},
 publisher = {ACM},
 address = {New York, NY, USA},
}

@inproceedings{00-jing,
 author = {Jing, Hongyan},
 title = {Sentence reduction for automatic text summarization},
 booktitle = {Proceedings of the sixth conference on Applied natural language processing},
 series = {ANLC '00},
 year = {2000},
 location = {Seattle, Washington},
 pages = {310--315},
 numpages = {6},
 url = {http://dx.doi.org/10.3115/974147.974190},
 doi = {10.3115/974147.974190},
 acmid = {974190},
 publisher = {Association for Computational Linguistics},
 address = {Stroudsburg, PA, USA},
} 

@article{07-zajic-al,
 author = {Zajic, David and Dorr, Bonnie J. and Lin, Jimmy and Schwartz, Richard},
 title = {Multi-candidate reduction: Sentence compression as a tool for document summarization tasks},
 journal = {Inf. Process. Manage.},
 issue_date = {November, 2007},
 volume = {43},
 number = {6},
 month = nov,
 year = {2007},
 issn = {0306-4573},
 pages = {1549--1570},
 numpages = {22},
 url = {http://dx.doi.org/10.1016/j.ipm.2007.01.016},
 doi = {10.1016/j.ipm.2007.01.016},
 acmid = {1285161},
 publisher = {Pergamon Press, Inc.},
 address = {Tarrytown, NY, USA},
 keywords = {07.05.Mh, 43.71.Sy, 89.20.Ff, Headline generation, Hidden Markov model, Parse-and-trim, Summarization},
}

@inproceedings{08-cohn-lapata,
 author = {Cohn, Trevor and Lapata, Mirella},
 title = {Sentence compression beyond word deletion},
 booktitle = {Proceedings of the 22nd International Conference on Computational Linguistics - Volume 1},
 series = {COLING '08},
 year = {2008},
 isbn = {978-1-905593-44-6},
 location = {Manchester, United Kingdom},
 pages = {137--144},
 numpages = {8},
 url = {http://dl.acm.org/citation.cfm?id=1599081.1599099},
 acmid = {1599099},
 publisher = {Association for Computational Linguistics},
 address = {Stroudsburg, PA, USA},
}

@inproceedings{10-filippova,
 author = {Filippova, Katja},
 title = {Multi-sentence compression: finding shortest paths in word graphs},
 booktitle = {Proceedings of the 23rd International Conference on Computational Linguistics},
 series = {COLING '10},
 year = {2010},
 location = {Beijing, China},
 pages = {322--330},
 numpages = {9},
 url = {http://dl.acm.org/citation.cfm?id=1873781.1873818},
 acmid = {1873818},
 publisher = {Association for Computational Linguistics},
 address = {Stroudsburg, PA, USA},
}

@article{02-knight-marcu,
 author = {Knight, Kevin and Marcu, Daniel},
 title = {Summarization beyond sentence extraction: a probabilistic approach to sentence compression},
 journal = {Artif. Intell.},
 issue_date = {July 2002},
 volume = {139},
 number = {1},
 month = jul,
 year = {2002},
 issn = {0004-3702},
 pages = {91--107},
 numpages = {17},
 url = {http://dx.doi.org/10.1016/S0004-3702(02)00222-9},
 doi = {10.1016/S0004-3702(02)00222-9},
 acmid = {604207},
 publisher = {Elsevier Science Publishers Ltd.},
 address = {Essex, UK},
 keywords = {compression, noisy-channel model, summarization},
}

@inproceedings{04-doran-al,
 author = {William Doran and Nicola Stokes and Eamonn Newman and John Dunnion and Joe Carthy and Fergus Toolan},
 title = {News Story Gisting at University College Dublin},
 booktitle = {Proceedings of the document understanding conference},
 editor = {},
 year = {2004},
 publisher = {},
 address = {},
} 

@inproceedings{02-neto-al,
 author = {Neto, Joel Larocca and Freitas, Alex Alves and Kaestner, Celso A. A.},
 title = {Automatic Text Summarization Using a Machine Learning Approach},
 booktitle = {Proceedings of the 16th Brazilian Symposium on Artificial Intelligence: Advances in Artificial Intelligence},
 series = {SBIA '02},
 year = {2002},
 isbn = {3-540-00124-7},
 pages = {205--215},
 numpages = {11},
 url = {http://dl.acm.org/citation.cfm?id=645853.669480},
 acmid = {669480},
 publisher = {Springer-Verlag},
 address = {London, UK, UK},
}

@inproceedings{00-saggion-lapalme,
 author = {Saggion, Horacio and Lapalme, Guy},
 title = {Concept identification and presentation in the context of technical text summarization},
 booktitle = {Proceedings of the 2000 NAACL-ANLPWorkshop on Automatic summarization - Volume 4},
 series = {NAACL-ANLP-AutoSum '00},
 year = {2000},
 location = {Seattle, Washington},
 pages = {1--10},
 numpages = {10},
 url = {http://dx.doi.org/10.3115/1117575.1117576},
 doi = {10.3115/1117575.1117576},
 acmid = {1117576},
 publisher = {Association for Computational Linguistics},
 address = {Stroudsburg, PA, USA},
}

@article{88-salton-buckley,
 author = {Salton, Gerard and Buckley, Christopher},
 title = {Term-weighting approaches in automatic text retrieval},
 journal = {Inf. Process. Manage.},
 issue_date = {1988},
 volume = {24},
 number = {5},
 month = aug,
 year = {1988},
 issn = {0306-4573},
 pages = {513--523},
 numpages = {11},
 url = {http://dx.doi.org/10.1016/0306-4573(88)90021-0},
 doi = {10.1016/0306-4573(88)90021-0},
 acmid = {54260},
 publisher = {Pergamon Press, Inc.},
 address = {Tarrytown, NY, USA},
}

@inproceedings{01-ishikawa-al,
 author = {Kai Ishikawa and Shinichi Ando and Akitoshi Okumura},
 title = {Hybrid Text Summarization Method based on the TF Method and the LEAD Method},
 booktitle = {Proceedings of the Second NTCIR Workshop Meeting on Evaluation of Chinese \& Japanese Text Retrieval and Text Summarization},
 number = {},
 year = {2001},
 page = {219--224},
 location= {Tokyo, Japan},
 publisher = {},
 address = {},
} 

@article{09-abdelfattah-ren,
 author = {Fattah, Mohamed Abdel and Ren, Fuji},
 title = {GA, MR, FFNN, PNN and GMM based models for automatic text summarization},
 journal = {Comput. Speech Lang.},
 issue_date = {January, 2009},
 volume = {23},
 number = {1},
 month = jan,
 year = {2009},
 issn = {0885-2308},
 pages = {126--144},
 numpages = {19},
 url = {http://dx.doi.org/10.1016/j.csl.2008.04.002},
 doi = {10.1016/j.csl.2008.04.002},
 acmid = {1393839},
 publisher = {Academic Press Ltd.},
 address = {London, UK, UK},
 keywords = {Automatic summarization, Feed forward neural network, Gaussian mixture model, Genetic algorithm, Mathematical regression, Probabilistic neural network},
}

@inproceedings{04-nobata-sekine,
 author = {Chikashi Nobata and Satoshi Sekine},
 title = {CRL/NYU Summarization System at DUC-2004},
 booktitle = {DUC},
 series = {},
 year = {2004},
} 

@inproceedings{97-reynar-ratnaparkhi,
 author = {Reynar, Jeffrey C. and Ratnaparkhi, Adwait},
 title = {A maximum entropy approach to identifying sentence boundaries},
 booktitle = {Proceedings of the fifth conference on Applied natural language processing},
 series = {ANLC '97},
 year = {1997},
 location = {Washington, DC},
 pages = {16--19},
 numpages = {4},
 url = {http://dx.doi.org/10.3115/974557.974561},
 doi = {10.3115/974557.974561},
 acmid = {974561},
 publisher = {Association for Computational Linguistics},
 address = {Stroudsburg, PA, USA},
}

@book{84-breiman-al,
 author = {Breiman, L. and Friedman, J. H. and Olshen, R. and Stone, C. J.},
 title = {Classification and Regression Trees},
  publisher = {Wadsworth \& Brooks},
  year      = {1984},
 location = {Monterey, CA},
} 

@incollection{98-hockenmaier-brew,
    author = {Hockenmaier, Julia and Brew, Chris},
    title = {Error-driven learning of Chinese word segmentation},
    booktitle = {12th Pacific Conference of Language and Information},
    address = {Singapore},
    citeulike-article-id = {8359920},
    editor = {Guo, J. and Lua, K. T. and Xu, J.},
    pages = {218--229},
    posted-at = {2010-12-05 20:20:34},
    priority = {2},
    publisher = {Chinese and Oriental Languages Processing Society},
    year = {1998},
}

@manual{07-matsumoto-al,
author = {Yuji Matsumoto and Kazuma Takaoka and Masayuki Asahara},
title = {Morphological Analysis System ChaSen 2.4.0 Users Manual},
year = {2007}, 
publisher = {Nara Institute of Science and Technology},
location = {Nara, Japan},
}

@inproceedings{97-meknavin-al,
 author = {Surapant Meknavin and Paisarn Charoenpornsawat and Boonserm Kijsirikul},
 title = {Feature-based Thai word segmentation},
 booktitle = {Proceedings of the Natural Language Processing Pacific Rim Symposium 1997 (NLPRS97)},
 year = {1997},
 location = {Phuket, Thailand},
} 

@inproceedings{02-aroonmanakun,
 author = {Wirote Aroonmanakun},
 title = {Collocation and Thai word segmentation},
 booktitle = {Proceedings of the Fifth Symposium on Natural Language Processing \& The Fifth Oriental COCOSDA Workshop},
 year = {2002},
 pages = {68--75},
 location = {Bangkok, Thailand},
} 

@inproceedings{01-sn-bressan,
  author = {SN, Vinsensius Berlian Vega and Bressan, Stéphane},
  biburl = {http://www.bibsonomy.org/bibtex/2fd40dbb58646b04f0b63129e938e7c09/dblp},
  booktitle = {WWW Posters},
  title = {Indexing the Indonesian Web: Language Identification and Miscellaneous Issues.},
  year = {2001},
  date = {2002-12-17},
  description = {dblp},
  ee = {http://www10.org/cdrom/posters/1044.pdf},
  interhash = {7b988b047a4a1b77ac1f616d0058ab9a},
  intrahash = {fd40dbb58646b04f0b63129e938e7c09},
  keywords = {dblp},
  timestamp = {2002-12-17T00:00:00.000+0100},
  url = {http://dblp.uni-trier.de/db/conf/www/www2001p.html#SNB01},
}

@incollection{97-porter,
 author = {Porter, M. F.},
 chapter = {An algorithm for suffix stripping},
 title = {Readings in information retrieval},
 editor = {Sparck Jones, Karen and Willett, Peter},
 year = {1997},
 isbn = {1-55860-454-5},
 pages = {313--316},
 numpages = {4},
 url = {http://dl.acm.org/citation.cfm?id=275537.275705},
 acmid = {275705},
 publisher = {Morgan Kaufmann Publishers Inc.},
 address = {San Francisco, CA, USA},
} 

@article{96-greengrass-al,
  author    = {Mark Greengrass and Alexander M. Robertson and Robyn Schinke and Peter Willett},
  title     = {Processing morphological variants in searches of Latin text},
  journal   = {Inf. Res.},
  volume    = {2},
  number    = {1},
  year      = {1996},
  ee        = {http://informationr.net/ir/2-1/paper10.html},
  bibsource = {DBLP, http://dblp.uni-trier.de}
}

@inproceedings{96-kraaij-pohlmann,
 author = {Kraaij, Wessel and Pohlmann, Ren{\'e}e},
 title = {Viewing stemming as recall enhancement},
 booktitle = {Proceedings of the 19th annual international ACM SIGIR conference on Research and development in information retrieval},
 series = {SIGIR '96},
 year = {1996},
 isbn = {0-89791-792-8},
 location = {Zurich, Switzerland},
 pages = {40--48},
 numpages = {9},
 url = {http://doi.acm.org/10.1145/243199.243209},
 doi = {10.1145/243199.243209},
 acmid = {243209},
 publisher = {ACM},
 address = {New York, NY, USA},
} 

@InProceedings{01-carlberger-al,
  author =    {Carlberger, Johan and Dalianis, Hercules and Hassel, Martin and Knutsson, Ola},
  title =     {Improving Precision in Information Retrieval for Swedish using Stemming},
  booktitle = {Proceedings of NODALIDA'01 - 13th Nordic Conference on Computational Linguistics},
  address =   {Uppsala, Sweden},
  year =      {2001},
  month =     {May 21-22},
  url =       {http://nlp.lacasahassel.net/publications/carlbergeretal01.pdf},
}

@phdthesis{07-hassel,
 Author = {Hassel, Martin},
 Title = {Resource Lean and Portable Automatic Text Summarization},
 School = {KTH School of Computer Science and Communication},
 Year = {2007},
 address = {Stockholm, Sweden},
}

@inproceedings{97-baldwin,
    address = {Madrid, Spain},
    author = {Baldwin, Breck},
    booktitle = {Proceedings of the {ACL} Workshop on Operational Factors in Practical, Robust Anaphora Resolution for Unrestricted Text, July 1997},
    pages = {38--45},
    title = {{CogNIAC:} High precision coreference with limited knowledge and linguistic resources},
    url = {http://www.ldc.upenn.edu/acl/W/W97/W97-1306.pdf},
    year = {1997}
}

% % % % % % % % % % % % % % % % % % % % % % 
% %find the bibtex for
% % % % % % % % % % % % % % % % % % % % % %

@inproceedings{94-matsumoto-nagao,
 author = {Matsumoto, Y. and M. Nagao},
 title = {Improvements of Japanese morphological analyzer JUMAN},
 booktitle = {Proceedings of the International Workshop on Sharable Natural Language Resources},
 year = {1994},
 location = {Nara, Japan},
} 

@inproceedings{id,
 author = {},
 title = {},
 booktitle = {},
 series = {},
 number = {},
 volume= {}, 
 year = {},
 location = {},
 pages = {},
 numpages = {},
 url = {},
 doi = {},
 publisher = {},
 address = {},
} 